<?xml version="1.0" encoding="UTF-8"?><record xmlns="http://www.loc.gov/MARC21/slim" xmlns:cinclude="http://apache.org/cocoon/include/1.0" xmlns:zs="http://www.loc.gov/zing/srw/">
  <leader>00953cz  a2200205n  4500</leader>
  <controlfield tag="001">n  98084527 </controlfield>
  <controlfield tag="003">DLC</controlfield>
  <controlfield tag="005">20160203073810.0</controlfield>
  <controlfield tag="008">980919n| azannaabn          |n aaa      </controlfield>
  <datafield tag="010" ind1=" " ind2=" ">
    <subfield code="a">n  98084527 </subfield>
    <subfield code="z">n  98014029 </subfield>
  </datafield>
  <datafield tag="035" ind1=" " ind2=" ">
    <subfield code="a">(OCoLC)oca04819418</subfield>
  </datafield>
  <datafield tag="040" ind1=" " ind2=" ">
    <subfield code="a">DLC</subfield>
    <subfield code="b">eng</subfield>
    <subfield code="e">rda</subfield>
    <subfield code="c">DLC</subfield>
    <subfield code="d">Uk</subfield>
    <subfield code="d">DLC</subfield>
    <subfield code="d">ICU</subfield>
  </datafield>
  <datafield tag="046" ind1=" " ind2=" ">
    <subfield code="f">1962</subfield>
    <subfield code="2">edtf</subfield>
  </datafield>
  <datafield tag="100" ind1="1" ind2=" ">
    <subfield code="a">Macleod, Colin M.</subfield>
    <subfield code="q">(Colin Murray),</subfield>
    <subfield code="d">1962-</subfield>
  </datafield>
  <datafield tag="373" ind1=" " ind2=" ">
    <subfield code="a">University of Victoria (B.C.)</subfield>
    <subfield code="2">naf</subfield>
  </datafield>
  <datafield tag="374" ind1=" " ind2=" ">
    <subfield code="a">Law teachers</subfield>
    <subfield code="a">College teachers</subfield>
    <subfield code="2">lcsh</subfield>
  </datafield>
  <datafield tag="377" ind1=" " ind2=" ">
    <subfield code="a">eng</subfield>
  </datafield>
  <datafield tag="670" ind1=" " ind2=" ">
    <subfield code="a">Liberalism, justice, and markets, 1998:</subfield>
    <subfield code="b">t.p. (Colin M. Macleod) bk. jkt. (lecturer at Simon Fraser Univ. (Dept. of Philosophy))</subfield>
  </datafield>
  <datafield tag="670" ind1=" " ind2=" ">
    <subfield code="a">Info. from NHC, Sept. 14, 1998</subfield>
    <subfield code="b">(info. from NLC: Macleod, Colin M. (Colin Murray), 1962- )</subfield>
  </datafield>
  <datafield tag="670" ind1=" " ind2=" ">
    <subfield code="a">Have a little faith, 2016:</subfield>
    <subfield code="b">ECIP data (Colin Macleod, Associate professor in law and in the Department of Philosophy at University of Victoria. He is the author of "Liberalism, Justice, and Markets")</subfield>
  </datafield>
</record>